<?xml version="1.0" encoding="UTF-8"?><collection xmlns="http://www.loc.gov/MARC21/slim"><record><leader>00582nam--2200217-u-4500</leader><controlfield tag="001">000050449</controlfield><controlfield tag="002">20161230</controlfield><controlfield tag="003">81847</controlfield><controlfield tag="005">20161230201048</controlfield><controlfield tag="008">070322s1000------------r-----000-0-eng-d</controlfield><datafield ind1=" " ind2=" " tag="020"><subfield code="a">0387949496</subfield></datafield><datafield ind1=" " ind2=" " tag="040"><subfield code="a">IFIN-HH</subfield></datafield><datafield ind1=" " ind2=" " tag="080"><subfield code="a">517.58:517.44</subfield></datafield><datafield ind1="1" ind2=" " tag="100"><subfield code="a">Muller, Claus</subfield></datafield><datafield ind1="1" ind2="0" tag="245"><subfield code="a">Analysis of Spherical Symmetries in Euclidean Spaces</subfield><subfield code="c">Claus Muller</subfield></datafield><datafield ind1=" " ind2=" " tag="260"><subfield code="a">Berlin</subfield><subfield code="b">Springer-Verlag</subfield><subfield code="c">1998</subfield></datafield><datafield ind1=" " ind2=" " tag="300"><subfield code="a">223 p</subfield></datafield><datafield ind1=" " ind2=" " tag="490"><subfield code="a">Applied Mathematical Sciences</subfield><subfield code="v">Vol.129</subfield></datafield><datafield ind1=" " ind2=" " tag="504"><subfield code="a">Includes Index</subfield></datafield><datafield ind1=" " ind2=" " tag="852"><subfield code="a">81847</subfield><subfield code="c">517.5</subfield></datafield><datafield ind1=" " ind2=" " tag="CAT"><subfield code="a">Sys</subfield><subfield code="c">20110311</subfield><subfield code="h">113204</subfield></datafield></record></collection>